%%% 65
@book{Atkinson2007,
author    = "Atkinson,~A.~C. and Donev,~A.~N. and Tobias,~R.~D.",
title     = "Optimum Experimental Designs, with SAS",
year      = "2007",
publisher = "Oxford University Press",
}

@book{Bailey2008design,
  title={Design of Comparative Experiments},
  author={Bailey, Rosemary A},
  volume={25},
  year={2008},
  publisher={Cambridge University Press}
}

@book{Box1978statistics,
  title={Statistics for Experimenters: An Introduction to Design, Data Analysis, and Model Building},
  author={Box,~G.~E.~P. and Hunter,~W.~G. and Hunter,~J.~S.},
  series={Wiley series in probability and mathematical statistics: Applied probability and statistics},
  year={1978},
  publisher={John Wiley \& Sons}
}

@book{Box1987empirical,
  title={Empirical Model-Building and Response Surfaces},
  author={Box,~G.~E.~P. and Draper,~N.~R.},
  year={1987},
  publisher={John Wiley \& Sons}
}

@book{Broemeling1984bayesian,
  title={Bayesian Analysis of Linear Models},
  author={Broemeling,~L.~D.},
  series={Statistics:  A Series of Textbooks and Monographs},
  year={1984},
  publisher={Taylor \& Francis}
}

@book{Cornell2011Mixtures,
  title={Experiments with Mixtures: Designs, Models, and the Analysis of Mixture Data},
  author={Cornell,~J.~A.},
  year={2011},
  publisher={John Wiley \& Sons}
}

@book{Cox1958planning,
  title={Planning of Experiments},
  author={Cox,~D.~R.},
  year={1958},
  publisher={John Wiley \& Sons}
}

@book{Daniel1976,
  title={Applications of Statistics to Industrial Experimentation},
  author={Daniel, C.},
  year={1976},
  publisher={John Wiley \& Sons}
}

@book{Draper1998,
  title={Applied Regression Analysis, 3rd edn},
  author={Draper,~N.~R. and Smith,~H.},
  publisher={John Wiley \& Sons},
  year={1998}
}

@book{Fedorov1972theory,
  title={Theory of Optimal Experiments},
  author={Fedorov,~V.~V.},
  year={1972},
  publisher={Elsevier}
}  

@book{Fedorov2012model,
  title={Model-Oriented Design of Experiments},
  author={Fedorov,~V.~V. and Hackl,~P.},
  series={Lecture Notes in Statistics},
  year={2012},
  publisher={Springer New York}
}

@book{Goos2012optimal,
  title={The Optimal Design of Blocked and Split-Plot Experiments},
  author={Goos,~P.},
  volume={164},
  year={2012},
  publisher={Springer Science \& Business Media}
}

@book{Harville2006matrix,
  title={Matrix Algebra From a Statistician's Perspective},
  author={Harville,~D.~A.},
  year={2006},
  publisher={Springer New York}
}

@book{Hinkelmann2005Advanced,
  title={Design and Analysis of Experiments. Volume 2: Advanced Experimental Design},
  author={Hinkelmann,~K. and Kempthorne,~O.},
  year={2005},
  publisher={John Wiley \& Sons}
}

@book{Koch2007introduction,
  title={Introduction to Bayesian Statistics},
  author={Koch,~K.~R.},
  year={2007},
  publisher={Springer},
  edition={2nd}
}

@book{MeadGilmour2012,
  title={Statistical Principles for the Design of Experiments: Applications to Real Experiments},
  author={Mead,~R. and Gilmour,~S.~G. and Mead,~A.},
  year={2012},
  publisher={Cambridge University Press}
}

@book{Meyer2000,
  title={Matrix Analysis and Applied Linear Algebra},
  author={Meyer,~C.~D.},
  year={2000},
  publisher={Society for Industrial and Applied Mathematics}
}

@book{Myers2009,
  title={Response Surface Methodology: Process and Product Optimization Using Designed Experiments},
  author={Myers,~R.~H. and Montgomery,~D.~C. and Anderson-Cook,~C.~M.},
  year={2009},
  publisher={John Wiley \& Sons}
}

@book{Press1972Applied,
  title={Applied Multivariate Analysis},
  author={Press,~S.~J.},
  year={1972},
  publisher={New York: Holt, Rinehart and Winston}
}

@book{Pukelsheim2006optimal,
  title={Optimal Design of Experiments},
  author={Pukelsheim,~F.},
  series={Classics in Applied Mathematics},
  year={2006},
  publisher={Society for Industrial and Applied Mathematics}
}

@book{Rudin1987real,
  title={Real and Complex Analysis},
  author={Rudin,~W.},
  year={1987},
  publisher={Tata McGraw-Hill Education}
}

@book{Searle2001generalized,
  title={Generalized, Linear and Mixed Models},
  author={McCulloch,~C.~E. and Searle,~S.~R.},
  year={2001},
  publisher={John Wiley \& Sons}
}

%%%% In collection  %%%
@incollection{Wiens2000Bias,
  title={Bias constrained minimax robust designs for misspecified regression models},
  author={Wiens,~D.~P.},
  booktitle={Advances in Stochastic Simulation Methods},
  pages={117--133},
  year={2000},
  publisher={Springer}
}

% % % In proceedings % % % % % % % %
@article{Nelder1965analysis,
  title={The analysis of randomized experiments with orthogonal block structure. I. Block structure and the null analysis of variance},
  author={Nelder,~J.~A.},
  journal={Proceedings of the Royal Society of London, Series A},
  volume={283},
  pages={147--162},
  year={1965}
}

% % % Year % Volume % Pages % % % % % % % % % % %

@article{Allen2003Experimental,
  title={An experimental design criterion for minimizing meta-model prediction errors applied to die casting process design},
  author={Allen,~T.~T. and Yu,~L. and Schmitz,~J.},
  journal={Journal of the Royal Statistical Society: Series C},
  volume={52},
  pages={103--117},
  year={2003}
}

@article{Arnouts2012staggered,
  title={Staggered-level designs for experiments with more than one hard-to-change factor},
  author={Arnouts,~H. and Goos,~P.},
  journal={Technometrics},
  volume={54},
  pages={355--366},
  year={2012}
}

@article{Arnouts2015staggered,
  title={Staggered-level designs for response surface modeling},
  author={Arnouts,~H. and Goos,~P.},
  journal={Journal of Quality Technology},
  volume={47},
  pages={156},
  year={2015}
}

@article{Atkinson1975Design,
  title={The design of experiments for discriminating between two rival models},
  author={Atkinson,~A.~C. and Fedorov,~V.~V.},
  journal={Biometrika},
  volume={62},
  pages={57--70},
  year={1975},
}

@article{Atkinson1993optimum,
  title={Optimum experimental designs for properties of a compartmental model},
  author={Atkinson,~A.~C. and Chaloner,~K. and Herzberg,~A.~M. and Juritz,~J.},
  journal={Biometrics},
  pages={325--337},
  volume={49},
  year={1993}
}

@article{Borrotti2016Multi,
  title={A multi-objective coordinate-exchange two-phase local search algorithm for multi-stratum experiments},
  author={Borrotti,~M. and Sambo,~F. and Mylona,~K. and Gilmour,~S.~G.},
  journal={Statistics and Computing},
  pages={469--481},
  volume={27},
  year={2017}
}


@article{Box1951Roy,
  title={On the Experimental Attainment of Optimum Conditions (with discussion)},
  author={Box,~G.~E.~P. and Wilson,~K.~B.},
  journal={Journal of the Royal Statistical Society, Series B},
  volume={13},
  pages={1--45},
  year={1951}
}

@article{Box1959,
  title={A basis for the selection of a response surface design},
  author={Box,~G.~E.~P. and Draper,~N.~R.},
  journal={Journal of the American Statistical Association},
  volume={54},
  pages={622--654},
  year={1959}
}

@article{Dette1995Optimal,
  title={Optimal designs for identifying the degree of a polynomial regression},
  author={Dette,~H.},
  journal={The Annals of Statistics},
  volume={23},
  pages={1248--1266},
  year={1995}
}

@article{Dette2012T,
  title={T-optimal designs for discrimination between two polynomial models},
  author={Dette,~H. and Melas,~V.~B. and Shpilev,~P.},
  journal={The Annals of Statistics},
  volume={40},
  pages={188--205},
  year={2012}
}

@article{DuMouchel1994,
  title={A simple {B}ayesian modification of {D}-optimal designs to reduce dependence on an assumed model},
  author={DuMouchel,~W. and Jones,~B.},
  journal={Technometrics},
  volume={36},
  number={1},
  pages={37--47},
  year={1994}
}

@article{FedorovMontepiedra1997,
	title={Minimum bias designs with constraints},
	author={Montepiedra,~G. and Fedorov,~V.~V.},
	journal={Journal of Statistical Planning and Inference},
	volume={63},
	number={1},
	pages={97--111},
	year={1997}	
}

@article{Fedorov1998optimal,
  title={Optimal design and the model validity range},
  author={Fedorov,~V.~V. and Montepiedra,~G. and Nachtsheim,~C.~J.},
  journal={Journal of Statistical Planning and Inference},
  volume={72},
  number={1},
  pages={215--227},
  year={1998}
}

@article{Gilmour2000PErsm,
  title={Some practical advice on polynomial regression analysis from blocked response surface designs},
  author={Gilmour,~S.~G. and Trinca,~L.~A.},
  journal={Communications in Statistics-Theory and Methods},
  volume={29},
  pages={2157--2180},
  year={2000}
}

@article{Gilmour2009analysis,
  title={Analysis of data from non-orthogonal multistratum designs in industrial experiments},
  author={Gilmour,~S.~G. and Goos,~P.},
  journal={Journal of the Royal Statistical Society: Series C},
  volume={58},
  pages={467--484},
  year={2009}
}

@unpublished{GilmourGoos2016PEREML,
  title={Pure error {REML} for analyzing data from split-plot and multi-stratum designs},
  author={Gilmour,~S.~G. and Goos,~P. and Gro{\ss}mann,~H.},
  year={2017},
  note={in preparation}
}

@unpublished{GilmourGoos2016Robust,
  title={Distribution-robust methods for analyzing data from split-plot and multi-stratum designs},
  author={Gilmour,~S.~G. and Goos,~P. and Gro{\ss}mann,~H.},
  year={2017},
  note={in preparation}
}

@article{GilmourTrinca2012,
title     = "Optimum design of experiments for statistical inference (with discussion)",
author    = {Gilmour,~S.~G. and Trinca,~L.~A.},
journal   = {Journal of the Royal Statistical Society: Series C},
volume    = {61},
pages     = {345--401},
year      = {2012}
}

@article{Goos2001Doptimal,
  title={D-optimal response surface designs in the presence of random block effects},
  author={Goos,~P. and Vandebroek,~M.},
  journal={Computational Statistics \& Data Analysis},
  volume={37},
  pages={433--453},
  year={2001}
}

@article{Goos2003Doptimal,
  title={D-optimal split-plot designs with given numbers and sizes of whole plots},
  author={Goos,~P. and Vandebroek,~M.},
  journal={Technometrics},
  volume={45},
  pages={235--245},
  year={2003}
}

@article{Goos2005model,
  title={Model-robust and model-sensitive designs},
  author={Goos,~P. and Kobilinsky,~A. and O'Brien,~T.~E. and Vandebroek,~M.},
  journal={Computational Statistics \& Data Analysis},
  volume={49},
  pages={201--216},
  year={2005}
}

@article{Goos2006practical,
  title={Practical inference from industrial split-plot designs},
  author={Goos,~P. and Langhans,~I. and Vandebroek,~M.},
  journal={Journal of Quality Technology},
  volume={38},
  pages={162--179},
  year={2006}
}

@article{Goos2007tailor,
  title={Tailor-made split-plot designs for mixture and process variables},
  author={Goos,~P. and Donev,~A.~N.},
  journal={Journal of Quality Technology},
  volume={39},
  pages={326--339},
  year={2007},
}

@article{Goos2012Hasse,
  title={A general strategy for analyzing data from split-plot and multistratum experimental designs},
  author={Goos,~P. and Gilmour,~S.~G.},
  journal={Technometrics},
  volume={54},
  pages={340--354},
  year={2012}
}

@article{Jones2007candidate,
  title={A candidate-set-free algorithm for generating {D}-optimal split-plot designs},
  author={Jones,~B. and Goos,~P.},
  journal={Journal of the Royal Statistical Society: Series C},
  volume={56},
  pages={347--364},
  year={2007}
}

@article{Jones2007model,
  title={Model discrimination —- another perspective on model-robust designs},
  author={Jones,~B.~A. and Li,~W. and Nachtsheim,~C.~J. and Kenny,~Q.~Y.},
  journal={Journal of Statistical Planning and Inference},
  volume={137},
  pages={1576--1583},
  year={2007}
}

@article{Jones2009Doptimal,
  title={D-optimal design of split-split-plot experiments},
  author={Jones,~B. and Goos,~P.},
  journal={Biometrika},
  volume={96},
  pages={67--82},
  year={2009}
}

@article{Jones2011efficient,
  title={Efficient designs with minimal aliasing},
  author={Jones,~B. and Nachtsheim,~C.~J.},
  journal={Technometrics},
  volume={53},
  pages={62--71},
  year={2011}
}

@article{Jones2011class,
  title={A class of three-level designs for definitive screening in the presence of second-order effects},
  author={Jones,~B.~A. and Nachtsheim,~C.~J.},
  journal={Journal of Quality Technology},
  volume={43},
  pages={1--15},
  year={2011}
}

@article{Kenward1997small,
  title={Small sample inference for fixed effects from restricted maximum likelihood},
  author={Kenward,~M.~G. and Roger,~J.~H.},
  journal={Biometrics},
  pages={983--997},
  year={1997}
}

@article{Kobilinsky1998,
  title={Robustesse d'un plan d'experiences factoriel vis-a-vis d'un sur-modele},
  author={Kobilinsky,~A.},
  journal={Proceedings of the 30th Journees de Statistique, ENSAI, Bruz (France)},
  year={1998}
}

@article{Letsinger1996BiRandomization,
  title={Response surface methods for bi-randomization structures},
  author={Letsinger,~J.~D. and Myers,~R.~H. and Lentner,~M.},
  journal={Journal of Quality Technology},
  volume={28},
  pages={381--397},
  year={1996}
}

@article{Lu2011optimization,
  title={Optimization of designed experiments based on multiple criteria utilizing a {P}areto frontier},
  author={Lu,~L. and Anderson-Cook,~C.~M. and Robinson,~T.~J.},
  journal={Technometrics},
  volume={53},
  pages={353--365},
  year={2011}
}

@article{Meyer1995Coordinate,
  title={The coordinate-exchange algorithm for constructing exact optimal experimental designs},
  author={Meyer,~R.~K. and Nachtsheim,~C.~J},
  journal={Technometrics},
  volume={37},
  pages={60--69},
  year={1995}
}

@article{Monahan1997spherical,
  title={Spherical-radial integration rules for {B}ayesian computation},
  author={Monahan,~J. and Genz,~A.},
  journal={Journal of the American Statistical Association},
  volume={92},
  pages={664--674},
  year={1997}
}

@article{Mylona2014optimal,
  title={Optimal design of blocked and split-plot experiments for fixed effects and variance component estimation},
  author={Mylona,~K. and Goos,~P. and Jones,~B.},
  journal={Technometrics},
  volume={56},
  pages={132--144},
  year={2014},
}

@article{Notz1989Optimal,
  title={Optimal designs for regression models with possible bias},
  author={Notz,~W.~I.},
  journal={Journal of Statistical Planning and Inference},
  volume={22},
  pages={43--54},
  year={1989}
}

@article{Sambo2014Coordinate,
  title={A coordinate-exchange two-phase local search algorithm for the {D}-and {I}-optimal designs of split-plot experiments},
  author={Sambo,~F. and Borrotti,~M. and Mylona,~K.},
  journal={Computational Statistics \& Data Analysis},
  volume={71},
  pages={1193--1207},
  year={2014}
}

@article{Smucker2012Model,
  title={Model-robust designs for split-plot experiments},
  author={Smucker,~B.~J and Del Castillo,~E. and Rosenberger,~J.~L.},
  journal={Computational Statistics \& Data Analysis},
  volume={56},
  pages={4111--4121},
  year={2012},
}

@article{Speed1982class,
  title={On a class of association schemes derived from lattices of equivalence relations},
  author={Speed,~T.~P. and Bailey,~R.~A.},
  journal={Algebraic structures and applications},
  pages={55--74},
  year={1982}
}

@article{Stallings2015general,
  title={General weighted optimality of designed experiments},
  author={Stallings,~J.~W. and Morgan,~J.~P.},
  journal={Biometrika},
  pages={1--11},
  year={2015}
}

@article{Trinca2001multistratum,
  title={Multistratum response surface designs},
  author={Trinca,~L.~A. and Gilmour,~S.~G.},
  journal={Technometrics},
  volume={43},
  pages={25--33},
  year={2001}
}

@article{Trinca2015improved,
  title={Improved Split-Plot and Multistratum Designs},
  author={Trinca,~L.~A. and Gilmour,~S.~G.},
  journal={Technometrics},
  volume={57},
  pages={145--154},
  year={2015}
}

@article{Trinca2016SPinference,
  title={Split-Plot and Multi-Stratum Designs for Statistical Inference},
  author={Trinca,~L.~A. and Gilmour,~S.~G.},
  journal={Technometrics},
  year={2017},
  note={in press}
}

@article{Tsai2007Three,
  title={Three-level main-effects designs exploiting prior information about model uncertainty},
  author={Tsai,~P.-W. and Gilmour,~S.~G. and Mead,~R.},
  journal={Journal of Statistical Planning and Inference},
  volume={137},
  pages={619--627},
  year={2007}
}

@article{Tsai2010General,
  title={A general criterion for factorial designs under model uncertainty},
  author={Tsai,~P.-W. and Gilmour,~S.~G.},
  journal={Technometrics},
  volume={52},
  year={2010},
  pages={231--242}
}

@article{vsidak1967rectangular,
  title={Rectangular confidence regions for the means of multivariate normal distributions},
  author={{\v{S}}id{\'a}k,~Z.},
  journal={Journal of the American Statistical Association},
  volume={62},
  pages={626--633},
  year={1967}
}

@article{Wiens1992Minimax,
  title={Minimax designs for approximately linear regression},
  author={Wiens,~D.~P},
  journal={Journal of Statistical Planning and Inference},
  volume={31},
  pages={353--371},
  year={1992},
}

@article{Wiens1993Designs,
  title={Designs for approximately linear regression: maximizing the minimum coverage probability of confidence ellipsoids},
  author={Wiens,~D.~P.},
  journal={Canadian Journal of Statistics},
  volume={21},
  pages={59--70},
  year={1993},
}

@article{Wiens2009Robust,
  title={Robust discrimination designs},
  author={Wiens,~D.~P.},
  journal={Journal of the Royal Statistical Society: Series B},
  volume={71},
  pages={805--829},
  year={2009},
}

@article{Woods2005designing,
  title={Designing experiments under random contamination with application to polynomial spline regression},
  author={Woods,~D.~C.},
  journal={Statistica Sinica},
  pages={619--633},
  year={2005}
}

@article{Yates1939recovery,
  title={The recovery of inter-block information in variety trials arranged in three-dimensional lattices},
  author={Yates,~F.},
  journal={Annals of Eugenics},
  volume={9},
  pages={136--156},
  year={1939}
}

@inproceedings{Yu2008comparing,
  title={Comparing different sampling schemes for approximating the integrals involved in the semi-{B}ayesian optimal design of choice experiments},
  author={Yu,~J. and Goos,~P. and Vandebroek,~M.},
  booktitle={FBE Research Report},
  volume={KBI\_0827},
  pages={1--26},
  year={2008},
  publisher={K.U.Leuven}
}


	